<record><leader>00000cas a22000007a 4500</leader><controlfield tag="001">22281720</controlfield><controlfield tag="008">900827c18879999aruwr ne      0    0eng d</controlfield><datafield ind1=" " ind2=" " tag="010"><subfield code="a">sn 90050280 </subfield></datafield><datafield ind1=" " ind2=" " tag="040"><subfield code="a">ANU</subfield><subfield code="b">eng</subfield><subfield code="c">ANU</subfield><subfield code="d">OCLCQ</subfield></datafield><datafield ind1=" " ind2=" " tag="042"><subfield code="a">msc</subfield></datafield><datafield ind1="0" ind2=" " tag="130"><subfield code="a">Lincoln ledger (Star City, Ark.)</subfield></datafield><datafield ind1="1" ind2="4" tag="245"><subfield code="a">The Lincoln ledger.</subfield></datafield><datafield ind1="1" ind2="3" tag="246"><subfield code="a">Lincoln County ledger</subfield><subfield code="f">&lt;Aug. 21, 1936&gt;</subfield></datafield><datafield ind1=" " ind2=" " tag="260"><subfield code="a">Star City, Ark. :</subfield><subfield code="b">Alex Boyd</subfield></datafield><datafield ind1=" " ind2=" " tag="300"><subfield code="a">v.</subfield></datafield><datafield ind1=" " ind2=" " tag="310"><subfield code="a">Weekly</subfield></datafield><datafield ind1="1" ind2=" " tag="362"><subfield code="a">Began in 1887.</subfield></datafield><datafield ind1=" " ind2=" " tag="500"><subfield code="a">Continues: Lincoln lance (non-extant).</subfield></datafield><datafield ind1=" " ind2=" " tag="588"><subfield code="a">Description based on: Vol. 17, no. 2 (May 29, 1896).</subfield></datafield><datafield ind1=" " ind2="4" tag="651"><subfield code="a">Star City (Ark.)</subfield><subfield code="v">Newspapers.</subfield></datafield><datafield ind1=" " ind2=" " tag="752"><subfield code="a">United States</subfield><subfield code="b">Arkansas</subfield><subfield code="c">Lincoln</subfield><subfield code="d">Star City.</subfield></datafield><datafield ind1="1" ind2="0" tag="780"><subfield code="t">Lincoln lance</subfield></datafield><datafield ind1="0" ind2="5" tag="780"><subfield code="t">Lincoln County enterprise (Star City, Ark. : 1907)</subfield><subfield code="w">(DLC)sn 90050286</subfield></datafield><datafield ind1="1" ind2=" " tag="029"><subfield code="a">AU@</subfield><subfield code="b">000025904406</subfield></datafield></record>